%% This BibTeX bibliography file was created using BibDesk.
%% http://bibdesk.sourceforge.net/

%% Created for Naqash Tanzeel at 2016-04-26 20:34:02 +0100 


%% Saved with string encoding Unicode (UTF-8) 



@misc{Canvas:Home,
	Author = {Instructure},
	Date-Added = {2016-04-26 19:33:28 +0000},
	Date-Modified = {2016-04-26 19:34:02 +0000},
	Howpublished = {\url{https://www.canvasvle.co.uk}},
	Title = {VLE | Virtual Learning Environment | Canvas VLE UK}}

@misc{AirBnB:Home,
	Author = {Airbnb, Inc.},
	Date-Added = {2016-04-26 19:31:31 +0000},
	Date-Modified = {2016-04-26 19:33:03 +0000},
	Howpublished = {\url{https://www.airbnb.co.uk}},
	Title = {Holiday Rentals, Homes, Apartments \& Accommodation - Airbnb}}

@misc{ISTQB:SystemTesting,
	Author = {ISTQB Exam Certification},
	Date-Added = {2016-04-26 14:24:43 +0000},
	Date-Modified = {2016-04-26 14:25:54 +0000},
	Howpublished = {\url{http://istqbexamcertification.com/what-is-system-testing/}},
	Title = {What is System testing?}}

@misc{MSDN:IntegrationTesting,
	Author = {Microsoft Developer Network},
	Date-Added = {2016-04-26 14:18:55 +0000},
	Date-Modified = {2016-04-26 14:19:39 +0000},
	Howpublished = {\url{https://msdn.microsoft.com/en-us/library/aa292128(v=vs.71).aspx}},
	Month = {Apr},
	Title = {Integration Testing},
	Year = {2016}}

@misc{TechTarget:UnitTesting,
	Author = {Margaret Rouse},
	Date-Added = {2016-04-25 14:41:23 +0000},
	Date-Modified = {2016-04-25 14:42:19 +0000},
	Howpublished = {\url{http://searchsoftwarequality.techtarget.com/definition/unit-testing}},
	Month = {Feb},
	Title = {What is unit testing?},
	Year = {2007}}

@misc{Bootstrap:Grid,
	Author = {Mark Otto},
	Date-Added = {2016-04-24 22:09:50 +0000},
	Date-Modified = {2016-04-24 22:11:02 +0000},
	Howpublished = {\url{http://getbootstrap.com/css/#grid}},
	Month = {Nov},
	Title = {Grid system - CSS - Bootstrap},
	Year = {2015}}

@misc{GoogleDev:Responsiveness,
	Author = {Pete LePage},
	Date-Added = {2016-04-24 20:32:40 +0000},
	Date-Modified = {2016-04-24 20:35:13 +0000},
	Howpublished = {\url{https://developers.google.com/web/fundamentals/design-and-ui/responsive/fundamentals/?hl=en}},
	Title = {Responsive web design basics}}

@misc{DropZone:Home,
	Author = {Matias Meno},
	Date-Added = {2016-04-24 17:07:32 +0000},
	Date-Modified = {2016-04-24 17:08:35 +0000},
	Howpublished = {\url{http://www.dropzonejs.com}},
	Month = {Jan},
	Title = {DropZone.js},
	Year = {2016}}

@misc{MovableType:Haversine,
	Author = {Movable Type Ltd},
	Date-Added = {2016-04-23 18:36:02 +0000},
	Date-Modified = {2016-04-23 18:37:39 +0000},
	Howpublished = {\url{http://www.movable-type.co.uk/scripts/latlong.html}},
	Title = {Calculate distance, bearing and more between Latitude/Longitude points}}

@misc{Laravel:Views,
	Author = {Taylor Otwell},
	Date-Added = {2016-04-23 10:30:27 +0000},
	Date-Modified = {2016-04-23 10:30:53 +0000},
	Howpublished = {\url{https://laravel.com/docs/5.2/views}},
	Month = {Jan},
	Title = {Views - Laravel},
	Year = {2016}}

@book{OAuth2inAction,
	Author = {Justin Richer and Antonio Sanso},
	Date-Added = {2016-04-22 16:59:25 +0000},
	Date-Modified = {2016-04-22 17:04:03 +0000},
	Howpublished = {\url{http://oauth.net}},
	Publisher = {Manning Publications},
	Title = {OAuth 2 in Action MEAP},
	Year = {2016}}

@misc{Laravel:Authentication,
	Author = {Taylor Otwell},
	Date-Added = {2016-04-22 16:47:10 +0000},
	Date-Modified = {2016-04-22 16:47:32 +0000},
	Howpublished = {\url{https://laravel.com/docs/5.0/authentication}},
	Month = {Jan},
	Title = {Authentication - Laravel},
	Year = {2016}}

@misc{Laravel:Middleware,
	Author = {Taylor Otwell},
	Date-Added = {2016-04-22 13:26:22 +0000},
	Date-Modified = {2016-04-22 13:26:57 +0000},
	Howpublished = {\url{https://laravel.com/docs/master/middleware}},
	Month = {Jan},
	Title = {HTTP Middleware},
	Year = {2016}}

@misc{Laravel:Routing,
	Author = {Taylor Otwell},
	Date-Added = {2016-04-22 12:40:51 +0000},
	Date-Modified = {2016-04-22 12:41:19 +0000},
	Howpublished = {\url{https://laravel.com/docs/master/routing}},
	Month = {Jan},
	Title = {HTTP Routing - Laravel},
	Year = {2016}}

@misc{TechTarget:ORM,
	Author = {Margaret Rouse},
	Date-Added = {2016-04-22 12:28:51 +0000},
	Date-Modified = {2016-04-22 12:29:33 +0000},
	Howpublished = {\url{http://searchwindevelopment.techtarget.com/definition/object-relational-mapping}},
	Month = {Feb},
	Title = {Object-Relational Mapping (ORM)},
	Year = {2008}}

@misc{Laravel:Eloquent,
	Author = {Taylor Otwell},
	Date-Added = {2016-04-22 12:02:38 +0000},
	Date-Modified = {2016-04-22 12:03:06 +0000},
	Howpublished = {\url{https://laravel.com/docs/master/eloquent}},
	Month = {Jan},
	Title = {Eloquent: Getting Started - Laravel},
	Year = {2016}}

@misc{Laravel:Database,
	Author = {Taylor Otwell},
	Date-Added = {2016-04-22 11:28:45 +0000},
	Date-Modified = {2016-04-22 11:29:08 +0000},
	Howpublished = {\url{https://laravel.com/docs/master/database}},
	Month = {Jan},
	Title = {Database: Getting Started - Laravel},
	Year = {2016}}

@misc{Laravel:Migrations,
	Author = {Taylor Otwell},
	Date-Added = {2016-04-21 21:54:22 +0000},
	Date-Modified = {2016-04-21 21:55:05 +0000},
	Howpublished = {\url{https://laravel.com/docs/5.1/migrations}},
	Month = {Jan},
	Title = {Database: Migrations - Laravel},
	Year = {2016}}

@misc{Techopedia:Primary_keys,
	Author = {Techopedia Inc.},
	Date-Added = {2016-04-21 20:02:18 +0000},
	Date-Modified = {2016-04-21 20:02:46 +0000},
	Howpublished = {\url{https://www.techopedia.com/definition/5547/primary-key}},
	Title = {Primary Key}}

@misc{Fastcompany:Facebook_PHP,
	Author = {Steven Melendez},
	Date-Added = {2016-04-21 13:59:34 +0000},
	Date-Modified = {2016-04-21 14:00:46 +0000},
	Howpublished = {\url{http://www.fastcompany.com/3028778/why-facebook-invented-a-new-php-derived-language-called-hack}},
	Month = {Jul},
	Title = {Why Facebook Invented A New PHP-Derived Language Called "Hack"},
	Year = {2014}}

@misc{Wiki:WordPress,
	Author = {Wikipedia},
	Date-Added = {2016-04-21 13:56:35 +0000},
	Date-Modified = {2016-04-21 13:57:40 +0000},
	Howpublished = {\url{https://en.wikipedia.org/wiki/WordPress}},
	Month = {Apr},
	Title = {WordPress --- Wikipedia{,} The Free Encyclopedia},
	Year = {2016}}

@misc{W3Schools:PHP_Intro,
	Author = {W3Schools},
	Date-Added = {2016-04-21 13:55:10 +0000},
	Date-Modified = {2016-04-21 13:56:01 +0000},
	Howpublished = {\url{http://www.w3schools.com/php/php_intro.asp}},
	Title = {PHP 5 Introduction}}

@misc{MySQL:Why,
	Author = {Oracle Corporation},
	Date-Added = {2016-04-21 13:39:27 +0000},
	Date-Modified = {2016-04-21 13:40:08 +0000},
	Howpublished = {\url{http://www.mysql.com/why-mysql/}},
	Month = {Oct},
	Title = {MySQL :: Why MySQL?},
	Year = {2016}}

@misc{Wiki:HCI,
	Author = {Wikipedia},
	Date-Added = {2016-04-16 17:36:16 +0000},
	Date-Modified = {2016-04-16 17:37:08 +0000},
	Howpublished = {\url{https://en.wikipedia.org/w/index.php?title=Human%E2%80%93computer_interaction&oldid=715459829}},
	Month = {Apr},
	Title = {Human--computer interaction --- Wikipedia{,} The Free Encyclopedia},
	Year = {2016}}

@misc{FirstPost:Vulnerabilities,
	Author = {FP Staff},
	Date-Added = {2016-04-16 14:43:08 +0000},
	Date-Modified = {2016-04-16 14:43:41 +0000},
	Howpublished = {\url{http://www.firstpost.com/business/worrying-stats-almost-websites-serious-security-vulnerabilities-2014-superbugs-not-yet-patched-2345498.html}},
	Month = {Jul},
	Title = {Worrying stats: Almost all websites have serious security vulnerabilities; 2014 superbugs not yet patched},
	Year = {2016}}

@misc{W3Schools:SQL_Injection,
	Author = {W3Schools},
	Date-Added = {2016-04-16 14:31:00 +0000},
	Date-Modified = {2016-04-16 14:31:56 +0000},
	Howpublished = {\url{http://www.w3schools.com/sql/sql_injection.asp}},
	Title = {SQL Injection}}

@misc{TechOnTheNet:Cascading,
	Author = {TechOnTheNe},
	Date-Added = {2016-04-16 13:50:01 +0000},
	Date-Modified = {2016-04-16 13:50:34 +0000},
	Howpublished = {\url{http://www.techonthenet.com/sql_server/foreign_keys/foreign_delete.php}},
	Title = {SQL SERVER: FOREIGN KEYS WITH CASCADE DELETE}}

@misc{Microsoft:Dependencies,
	Author = {Microsoft},
	Date-Added = {2016-04-16 13:02:25 +0000},
	Date-Modified = {2016-04-16 13:04:09 +0000},
	Howpublished = {\url{https://technet.microsoft.com/en-us/library/ms345449(v=sql.105).aspx}},
	Month = {Nov},
	Title = {Understanding SQL Dependencies Understanding SQL Dependencies},
	Year = {2013}}

@misc{Databases:NormalisationBasics,
	Author = {Mike Chapple},
	Date-Added = {2016-04-15 22:43:18 +0000},
	Date-Modified = {2016-04-15 22:44:04 +0000},
	Howpublished = {\url{http://databases.about.com/od/specificproducts/a/normalization.htm}},
	Month = {Dec},
	Title = {Database Normalization Basics},
	Year = {2014}}

@misc{AppThena:SystemArchitecture,
	Author = {Glass Paw Limited},
	Date-Added = {2016-04-15 17:15:48 +0000},
	Date-Modified = {2016-04-15 17:16:22 +0000},
	Howpublished = {\url{http://www.appthena.com/developer/manual/architecture.html}},
	Title = {AppThena - Architecture},
	Year = {2007}}

@misc{JetBrains:PHPStorm,
	Author = {JetBrains},
	Date-Added = {2016-04-06 19:10:48 +0000},
	Date-Modified = {2016-04-06 19:11:46 +0000},
	Howpublished = {\url{https://www.jetbrains.com/phpstorm/}},
	Month = {Oct},
	Title = {PhpStorm IDE :: JetBrain PhpStorm},
	Year = {2016}}

@misc{Github:Home,
	Author = {GitHub, Inc.},
	Date-Added = {2016-04-06 19:06:32 +0000},
	Date-Modified = {2016-04-06 19:08:47 +0000},
	Howpublished = {\url{https://github.com}},
	Month = {Oct},
	Title = {Github - How people build software},
	Year = {2016}}

@misc{Wunderlist:Home,
	Author = {Christian Reber},
	Date-Added = {2016-04-06 19:03:35 +0000},
	Date-Modified = {2016-04-06 19:05:50 +0000},
	Howpublished = {\url{https://www.wunderlist.com}},
	Month = {Oct},
	Title = {Wunderlsit | To-do list, Reminders, Errands},
	Year = {2105}}

@misc{Trello:Home,
	Author = {Trello Inc.},
	Date-Added = {2016-04-06 19:02:47 +0000},
	Date-Modified = {2016-04-06 19:07:55 +0000},
	Howpublished = {\url{https://trello.com}},
	Month = {Oct},
	Title = {Trello},
	Year = {2015}}

@misc{Laravel:QueryBuilder,
	Author = {Taylor Otwell},
	Date-Added = {2016-04-06 18:55:58 +0000},
	Date-Modified = {2016-04-06 18:56:45 +0000},
	Howpublished = {\url{https://laravel.com/docs/master/queries}},
	Month = {Jan},
	Title = {Database: Query Builder - Laravel},
	Year = {2016}}

@misc{Apache:Home,
	Author = {The Apache Software Foundation},
	Date-Added = {2016-04-06 17:56:46 +0000},
	Date-Modified = {2016-04-06 17:57:50 +0000},
	Howpublished = {\url{http://www.apache.org}},
	Month = {Oct},
	Title = {The Apache Software Foundation},
	Year = {2015}}

@misc{Bootstrap:Home,
	Author = {Mark Otto},
	Date-Added = {2016-04-06 17:50:06 +0000},
	Date-Modified = {2016-04-06 17:51:57 +0000},
	Howpublished = {\url{http://getbootstrap.com}},
	Month = {Nov},
	Title = {Bootstrap},
	Year = {2105}}

@misc{Laravel:Blade,
	Author = {Taylor Otwell},
	Date-Added = {2016-04-06 17:46:08 +0000},
	Date-Modified = {2016-04-06 17:47:08 +0000},
	Howpublished = {\url{https://laravel.com/docs/master/blade}},
	Month = {Jan},
	Title = {Blade Templates - Laravel},
	Year = {2016}}

@misc{PHP:Home,
	Author = {The PHP Group},
	Date-Added = {2016-04-06 17:40:37 +0000},
	Date-Modified = {2016-04-06 17:42:19 +0000},
	Howpublished = {\url{http://php.net}},
	Month = {Dec},
	Title = {PHP: Hypertext Preprocessor},
	Year = {2015}}

@book{PMInstitute:Book,
	Date-Added = {2016-04-06 13:48:28 +0000},
	Date-Modified = {2016-04-06 13:49:53 +0000},
	Edition = {Fifth},
	Publisher = {Project Management Institute},
	Title = {Project Management Body of Knowledge},
	Year = {2013}}

@misc{Laravel:Home,
	Author = {Taylor Otwell},
	Date-Added = {2016-04-04 15:37:30 +0000},
	Date-Modified = {2016-04-04 15:38:16 +0000},
	Howpublished = {\url{https://laravel.com}},
	Month = {Mar},
	Title = {Laravel - The PHP Framework For Web Artisans},
	Year = {2016}}

@misc{Police:API,
	Author = {Home Office},
	Date-Added = {2016-04-04 15:23:33 +0000},
	Date-Modified = {2016-04-04 15:24:26 +0000},
	Howpublished = {\url{https://data.police.uk/docs/}},
	Month = {Jan},
	Title = {Police API Documentation},
	Year = {2016}}

@misc{Google:GeoCoding,
	Author = {Google},
	Date-Added = {2016-04-04 15:19:10 +0000},
	Date-Modified = {2016-04-04 15:20:24 +0000},
	Howpublished = {\url{https://developers.google.com/maps/documentation/javascript/geocoding}},
	Month = {Apr},
	Title = {Geocoding Service | Google Maps JavaScipt API | Google Developers},
	Year = {2016}}

@misc{Google:Maps,
	Author = {Google},
	Date-Added = {2016-04-04 15:17:06 +0000},
	Date-Modified = {2016-04-04 15:19:51 +0000},
	Howpublished = {\url{https://developers.google.com/maps/documentation/javascript/}},
	Month = {Apr},
	Title = {Google Maps Javascript API | Google Developers},
	Year = {2016}}

@misc{MySQL:Home,
	Author = {Oracle Corporation},
	Date-Added = {2016-04-04 14:31:29 +0000},
	Date-Modified = {2016-04-04 14:32:23 +0000},
	Howpublished = {\url{http://www.mysql.com}},
	Month = {Mar},
	Title = {MySQL},
	Year = {2016}}

@misc{jQuery:Home,
	Author = {The jQuery Foundation},
	Date-Added = {2016-04-04 13:43:54 +0000},
	Date-Modified = {2016-04-04 13:45:32 +0000},
	Howpublished = {\url{https://jquery.com}},
	Month = {Jan},
	Read = {0},
	Title = {jQuery - write less, do more.},
	Year = {2013}}

@misc{MSDN:MVC,
	Author = {Microsoft Developer Network},
	Date-Added = {2016-04-04 12:59:56 +0000},
	Date-Modified = {2016-04-04 13:01:44 +0000},
	Howpublished = {\url{https://msdn.microsoft.com/en-us/library/ff649643.aspx}},
	Month = {Apr},
	Title = {Model-View-Controller},
	Year = {2016}}

@misc{Mozilla:JavaScript,
	Author = {Mozilla Developer Network and individual contributors},
	Date-Added = {2016-04-04 11:29:40 +0000},
	Date-Modified = {2016-04-04 11:30:22 +0000},
	Howpublished = {\url{https://developer.mozilla.org/en-US/docs/Web/JavaScript}},
	Month = {Apr},
	Title = {JavaScript | MDN},
	Year = {2016}}

@misc{Mozilla:CSS3,
	Author = {Mozilla Developer Network and individual contributors},
	Date-Added = {2016-04-04 10:41:59 +0000},
	Date-Modified = {2016-04-04 10:43:23 +0000},
	Howpublished = {\url{https://developer.mozilla.org/en/docs/Web/CSS/CSS3}},
	Month = {Jan},
	Title = {CSS3 - CSS | MDN},
	Year = {2016}}

@misc{W3:CSS,
	Author = {W3C},
	Date-Added = {2016-04-04 10:28:34 +0000},
	Date-Modified = {2016-04-04 10:41:57 +0000},
	Howpublished = {\url{https://www.w3.org/Style/CSS/}},
	Month = {Mar},
	Title = {Cascading Style Sheets},
	Year = {2016}}

@misc{W3:HTML5,
	Author = {W3C},
	Date-Added = {2016-04-04 10:22:00 +0000},
	Date-Modified = {2016-04-04 10:22:48 +0000},
	Howpublished = {\url{https://www.w3.org/TR/html5/}},
	Month = {Oct},
	Title = {HTML5},
	Year = {2014}}

@misc{StolenBikes:Home,
	Author = {John Moss},
	Date-Added = {2016-04-02 20:51:30 +0000},
	Date-Modified = {2016-04-02 20:52:05 +0000},
	Howpublished = {\url{https://stolen-bikes.co.uk}},
	Month = {Mar},
	Title = {Stolen Bikes in the UK},
	Year = {2016}}

@misc{CheckMEND:Home,
	Author = {Recipero},
	Date-Added = {2016-04-02 20:49:28 +0000},
	Date-Modified = {2016-04-02 20:50:33 +0000},
	Howpublished = {\url{https://www.checkmend.com/uk}},
	Month = {Mar},
	Title = {CheckMEND The world's most comprehensive device check},
	Year = {2016}}

@misc{Immobilise:Home,
	Author = {Immobilise},
	Date-Added = {2016-04-02 20:48:45 +0000},
	Date-Modified = {2016-04-02 20:57:34 +0000},
	Howpublished = {\url{https://www.immobilise.com}},
	Month = {Mar},
	Title = {Immobilise The National Property Register, for Phones, Gadgets, Bicycles \& More...},
	Year = {2016}}

@book{SocialNetworkSites:RisksAndBenefits,
	Author = {Paul Haigh},
	Date-Added = {2016-04-02 17:33:36 +0000},
	Date-Modified = {2016-04-02 17:35:44 +0000},
	Publisher = {Optimus Education eBooks},
	Title = {Social network websites: their benefits and risks},
	Year = {2010}}

@misc{Legislation:DataProtectionAct,
	Author = {Parliament},
	Date-Added = {2016-04-02 16:03:58 +0000},
	Date-Modified = {2016-04-02 16:05:03 +0000},
	Howpublished = {\url{http://www.legislation.gov.uk/ukpga/1998/29/contents}},
	Title = {Data Protection Act 1998},
	Year = {1998}}

@misc{DigitalOcean:Home,
	Author = {DigitalOcean},
	Date-Added = {2016-04-02 13:42:31 +0000},
	Date-Modified = {2016-04-02 13:43:35 +0000},
	Howpublished = {\url{https://www.digitalocean.com}},
	Month = {Apr},
	Title = {Simple Cloud Computing, Simple Cloud Computing, Simple Cloud Computing, Built for Developers | Digital Ocean},
	Year = {2016}}

@misc{CentOS:Home,
	Author = {The CentOS Project},
	Date-Added = {2016-04-02 13:39:13 +0000},
	Date-Modified = {2016-04-02 13:40:45 +0000},
	Howpublished = {\url{https://www.centos.org}},
	Month = {Apr},
	Title = {CentOS Project},
	Year = {2016}}

@misc{ReQTest:Requirements,
	Author = {Ulf Eriksson},
	Date-Added = {2016-04-02 12:41:28 +0000},
	Date-Modified = {2016-04-02 12:42:14 +0000},
	Howpublished = {\url{http://reqtest.com/requirements-blog/functional-vs-non-functional-requirements/}},
	Month = {Apr},
	Title = {Functional vs Non Functional Requirements},
	Year = {2012}}

@misc{Kissmetrics:Speed,
	Author = {Sherice Jacob},
	Date-Added = {2016-04-01 18:50:17 +0000},
	Date-Modified = {2016-04-01 18:52:26 +0000},
	Howpublished = {\url{https://blog.kissmetrics.com/speed-is-a-killer/}},
	Month = {May},
	Title = {Speed Is A Killer -- Why Decreasing Page Load Time Can Drastically Increase Conversions},
	Year = {2011}}

@misc{Agile:Home,
	Date-Added = {2016-03-31 19:05:05 +0000},
	Date-Modified = {2016-03-31 19:07:37 +0000},
	Howpublished = {\url{http://agilemethodology.org}},
	Month = {Mar},
	Title = {Agile Methodology},
	Year = {2016}}

@article{Google:SimplicityStudy,
	Author = {Alexandre N. Tuch, Eva E. Presslaber, Markus St ̈ocklin, Klaus Opwis, Javier A. Bargas-Avila},
	Date-Added = {2016-03-29 18:33:50 +0000},
	Date-Modified = {2016-03-29 18:36:58 +0000},
	Month = {Aug},
	Title = {The role of visual complexity and prototypicality regarding first impression of websites: Working towards understanding aesthetic judgments},
	Year = {2012}}

@misc{Lookout:PhoneTheft,
	Author = {Lookout Inc},
	Date-Added = {2016-03-29 16:27:26 +0000},
	Date-Modified = {2016-03-29 16:28:54 +0000},
	Howpublished = {\url{https://www.lookout.com/resources/reports/phone-theft-in-UK}},
	Month = {Mar},
	Title = {Phone Theft in Europe: What Really Happens When Your Phone Gets Grabbed},
	Year = {2014}}

@misc{CitizenAdvice:StolenGoods,
	Author = {Citizens Advice},
	Date-Added = {2016-03-29 16:19:10 +0000},
	Date-Modified = {2016-03-29 16:22:35 +0000},
	Howpublished = {\url{https://www.citizensadvice.org.uk/consumer/somethings-gone-wrong-with-a-purchase/if-you-think-youve-bought-stolen-goods/}},
	Month = {May},
	Title = {If you think you've bought stolen goods},
	Year = {2016}}

@misc{StolenBikes:Study,
	Author = {John Moss},
	Date-Added = {2016-03-29 16:13:57 +0000},
	Date-Modified = {2016-03-29 16:14:50 +0000},
	Howpublished = {\url{https://stolen-bikes.co.uk/wp-content/uploads/2014/07/Stats.pdf}},
	Month = {Jul},
	Title = {Stolen Bike Study},
	Year = {2014}}

@misc{TFL:LostProperty,
	Author = {Transport for London},
	Date-Added = {2016-03-29 15:11:55 +0000},
	Date-Modified = {2016-03-29 15:12:56 +0000},
	Howpublished = {\url{https://www.whatdotheyknow.com/request/lost_property}},
	Month = {Feb},
	Title = {Lost property - Transport for London},
	Year = {2013}}

@misc{MetPolice:CrimeFigures,
	Author = {Mayor's Office for Policing \& Crime},
	Date-Added = {2016-03-29 14:16:19 +0000},
	Date-Modified = {2016-03-29 18:40:59 +0000},
	Howpublished = {\url{http://www.met.police.uk/crimefigures/}},
	Month = {Feb},
	Title = {Crime Figures},
	Year = {2016}}

@misc{Chronicle:UnreportedCrimes,
	Author = {Bianca Cain Johnson},
	Date-Added = {2016-03-29 14:13:22 +0000},
	Date-Modified = {2016-03-29 14:14:17 +0000},
	Howpublished = {\url{http://chronicle.augusta.com/news/crime-courts/2012-08-17/many-crimes-not-reported-police-according-study}},
	Month = {Aug},
	Title = {Many crimes not reported to police, according to study},
	Year = {2012}}

@misc{DOJ:UnreportedCrimes,
	Author = {U.S. Department of Justice},
	Date-Added = {2016-03-29 14:12:07 +0000},
	Date-Modified = {2016-03-29 14:13:20 +0000},
	Howpublished = {\url{http://www.bjs.gov/content/pub/pdf/vnrp0610.pdf}},
	Month = {Aug},
	Title = {Victimizations Not Reported to the Police, 2006-2010},
	Year = {2012}}

@misc{Zoopla:MovingStats,
	Author = {Property News team},
	Date-Added = {2016-03-28 21:51:41 +0000},
	Date-Modified = {2016-03-28 21:52:42 +0000},
	Howpublished = {\url{http://www.zoopla.co.uk/discover/property-news/the-average-brit-will-move-house-8-times-801377088/#VK70fCXFYMYqjZov.97}},
	Month = {Jun},
	Title = {The average Brit 'will move house eight times'},
	Year = {2012}}

@misc{BBC:HousingMarket,
	Author = {Ian Pollock},
	Date-Added = {2016-03-28 21:50:11 +0000},
	Date-Modified = {2016-03-28 21:50:46 +0000},
	Howpublished = {\url{http://www.bbc.co.uk/news/business-35135639}},
	Month = {Jan},
	Title = {What will happen to the property market in 2016?},
	Year = {2016}}

@misc{WorldBank:UKPopulation2013,
	Author = {World Bank Group},
	Date-Added = {2016-03-28 18:37:35 +0000},
	Date-Modified = {2016-03-28 18:38:50 +0000},
	Howpublished = {\url{http://data.worldbank.org/indicator/SP.POP.TOTL/countries/GB?display=graph}},
	Month = {Dec},
	Title = {The World Bank | Population},
	Year = {2013}}

@misc{Telegraph:ContentsValue,
	Author = {Rosie Murray-West},
	Date-Added = {2016-03-28 18:26:52 +0000},
	Date-Modified = {2016-03-28 18:29:14 +0000},
	Howpublished = {\url{http://www.telegraph.co.uk/finance/personalfinance/insurance/buildingsandcontent/8260054/6.8-million-homes-are-underinsured.html}},
	Month = {Jan},
	Title = {6.8 million homes are underinsured},
	Year = {2011}}

@misc{Telegraph:GadgetsPerBrit,
	Author = {Olivia Goldhill},
	Date-Added = {2016-03-28 18:16:09 +0000},
	Date-Modified = {2016-03-28 19:05:52 +0000},
	Howpublished = {\url{http://www.telegraph.co.uk/technology/mobile-phones/10160639/Ten-gadgets-per-Briton.html}},
	Journal = {The Guardian},
	Month = {April},
	Title = {Ten gadgets per Briton},
	Year = {2013}}
