@misc{Forbes:Facebook,
	Author = {Forbes},
	Title = {Facebook},
	Howpublished = {\url{http://www.forbes.com/companies/facebook/}}}
		
@misc{Gani:Trolling,
	Author = {A Gani},
	Year = {2016},
	Title = {Internet trolling: quarter of teenagers suffered online abuse last year},
	Howpublished = {\url{https://www.theguardian.com/uk-news/2016/feb/09/internet-trolling-teenagers-online-abuse-hate-cyberbullying}},
	Published = {The Guardian}}
			
@misc{Bootstrap:Home,
	Author = {Mark Otto},
	Date-Added = {2016-04-06 17:50:06 +0000},
	Date-Modified = {2016-04-06 17:51:57 +0000},
	Howpublished = {\url{http://getbootstrap.com}},
	Month = {Nov},
	Title = {Bootstrap},
	Year = {2105}}

@misc{PHP:Home,
	Author = {The PHP Group},
	Date-Added = {2016-04-06 17:40:37 +0000},
	Date-Modified = {2016-04-06 17:42:19 +0000},
	Howpublished = {\url{http://php.net}},
	Month = {Dec},
	Title = {PHP: Hypertext Preprocessor},
	Year = {2015}}

@misc{Laravel:Home,
	Author = {Taylor Otwell},
	Date-Added = {2016-04-04 15:37:30 +0000},
	Date-Modified = {2016-04-04 15:38:16 +0000},
	Howpublished = {\url{https://laravel.com}},
	Month = {Mar},
	Title = {Laravel - The PHP Framework For Web Artisans},
	Year = {2016}}

@misc{MySQL:Home,
	Author = {Oracle Corporation},
	Date-Added = {2016-04-04 14:31:29 +0000},
	Date-Modified = {2016-04-04 14:32:23 +0000},
	Howpublished = {\url{http://www.mysql.com}},
	Month = {Mar},
	Title = {MySQL},
	Year = {2016}}

@misc{jQuery:Home,
	Author = {The jQuery Foundation},
	Date-Added = {2016-04-04 13:43:54 +0000},
	Date-Modified = {2016-04-04 13:45:32 +0000},
	Howpublished = {\url{https://jquery.com}},
	Month = {Jan},
	Read = {0},
	Title = {jQuery - write less, do more.},
	Year = {2013}}

@misc{MSDN:MVC,
	Author = {Microsoft Developer Network},
	Date-Added = {2016-04-04 12:59:56 +0000},
	Date-Modified = {2016-04-04 13:01:44 +0000},
	Howpublished = {\url{https://msdn.microsoft.com/en-us/library/ff649643.aspx}},
	Month = {Apr},
	Title = {Model-View-Controller},
	Year = {2016}}

@misc{Mozilla:JavaScript,
	Author = {Mozilla Developer Network and individual contributors},
	Date-Added = {2016-04-04 11:29:40 +0000},
	Date-Modified = {2016-04-04 11:30:22 +0000},
	Howpublished = {\url{https://developer.mozilla.org/en-US/docs/Web/JavaScript}},
	Month = {Apr},
	Title = {JavaScript | MDN},
	Year = {2016}}

@misc{Mozilla:CSS3,
	Author = {Mozilla Developer Network and individual contributors},
	Date-Added = {2016-04-04 10:41:59 +0000},
	Date-Modified = {2016-04-04 10:43:23 +0000},
	Howpublished = {\url{https://developer.mozilla.org/en/docs/Web/CSS/CSS3}},
	Month = {Jan},
	Title = {CSS3 - CSS | MDN},
	Year = {2016}}

@misc{W3:CSS,
	Author = {W3C},
	Date-Added = {2016-04-04 10:28:34 +0000},
	Date-Modified = {2016-04-04 10:41:57 +0000},
	Howpublished = {\url{https://www.w3.org/Style/CSS/}},
	Month = {Mar},
	Title = {Cascading Style Sheets},
	Year = {2016}}

@misc{W3:HTML5,
	Author = {W3C},
	Date-Added = {2016-04-04 10:22:00 +0000},
	Date-Modified = {2016-04-04 10:22:48 +0000},
	Howpublished = {\url{https://www.w3.org/TR/html5/}},
	Month = {Oct},
	Title = {HTML5},
	Year = {2014}}

@misc{Facebook:VR,
	Author = {\relax{Facebook Newsroom}},
	Title = {{\emph{Introducing Facebook 360 for Gear VR}}},
	Howpublished = {\url{https://newsroom.fb.com/news/2017/03/introducing-facebook-360-for-gear-vr/}}
}
	
@misc{nobata2016abusive,
  title={\emph{Abusive language detection in online user content}},
  author={Nobata, Chikashi and Tetreault, Joel and Thomas, Achint and Mehdad, Yashar and Chang, Yi},
  booktitle={Proceedings of the 25th International Conference on World Wide Web},
  pages={145--153},
  year={2016},
  organization={International World Wide Web Conferences Steering Committee}
}

@misc{liao2010large,
  title={\emph{Large Corpus-based Semantic Feature Extraction for Pronoun Coreference}},
  author={Liao, Shasha and Grishman, Ralph},
  booktitle={23rd International Conference on Computational Linguistics},
  pages={60},
  year={2010},
  organization={Citeseer}
}

@misc{chen2012detecting,
  title={\emph{Detecting offensive language in social media to protect adolescent online safety}},
  author={Chen, Ying and Zhou, Yilu and Zhu, Sencun and Xu, Heng},
  booktitle={Privacy, Security, Risk and Trust (PASSAT), 2012 International Conference on and 2012 International Confernece on Social Computing (SocialCom)},
  pages={71--80},
  year={2012},
  organization={IEEE}
}

@misc{Elastic:Stem,
	Author = {\relax{Elastic Cloud}},
	Title = {{\emph{Reducing Words to Their Root Form}}},
	Howpublished = {\url{https://www.elastic.co/guide/en/elasticsearch/guide/current/stemming.html}}
}
	
@misc{razavi2010offensive,
  title={\emph{Offensive language detection using multi-level classification}},
  author={Razavi, Amir H and Inkpen, Diana and Uritsky, Sasha and Matwin, Stan},
  booktitle={Canadian Conference on Artificial Intelligence},
  pages={16--27},
  year={2010},
  organization={Springer}
}

@misc{chatzakou2017mean,
  title={\emph{Mean Birds: Detecting Aggression and Bullying on Twitter}},
  author={Chatzakou, Despoina and Kourtellis, Nicolas and Blackburn, Jeremy and De Cristofaro, Emiliano and Stringhini, Gianluca and Vakali, Athena},
  journal={arXiv preprint arXiv:1702.06877},
  year={2017}
} 

@misc{SentiStrength:Home,
	Author = {\relax{SentiStrength}},
	Title = {{\emph{SentiStrength}}},
	Howpublished = {\url{http://sentistrength.wlv.ac.uk/}}
}

@misc{mikolov2013efficient,
  title={\emph{Efficient estimation of word representations in vector space}},
  author={Mikolov, Tomas and Chen, Kai and Corrado, Greg and Dean, Jeffrey},
  journal={arXiv preprint arXiv:1301.3781},
  year={2013}
}